@article{Zhang96,
  title={The optimal operation of mixed production facilitiesâ€”a general formulation and some approaches for the solution},
  author={Zhang, X and Sargent, RWH},
  journal={Computers \& Chemical Engineering},
  volume={20},
  number={6},
  pages={897--904},
  year={1996},
  publisher={Elsevier}
}

@article{Gooding94,
  title={Enumerative approaches to parallel flowshop scheduling via problem transformation},
  author={Gooding, WB and Pekny, JF and McCroskey, PS},
  journal={Computers \& Chemical Engineering},
  volume={18},
  number={10},
  pages={909--927},
  year={1994},
  publisher={Elsevier}
}

@book{Brooke92,
  title={GAMS: Release 2.25 : A User's Guide},
  author={Brooke, A. and Kendrick, D. and Meeraus, A.},
  isbn={9780894262142},
  series={The Scientific press series},
  year={1992},
  publisher={Scientific Press}
}
