%% This BibTeX bibliography file was created using BibDesk.
%% http://bibdesk.sourceforge.net/

%% Created for Jeffrey Kantor at 2016-12-05 21:19:00 -0500 

%% Saved with string encoding Unicode (UTF-8) 

@techreport{CHC2010,
	Author = {Canadian Hydraulics Centre -- {National Research Council of Canada}},
	Date-Added = {2015-01-17 04:52:21 +0000},
	Date-Modified = {2015-01-17 05:03:45 +0000},
	Institution = {International Joint Commission},
	Month = {September},
	Number = {CHC-CTR-112},
	Title = {Rainy {R}iver 2D Hydrodynamic Model Conveyance Study},
	Year = {2010},
	Bdsk-File-1 = {YnBsaXN0MDDUAQIDBAUGJCVYJHZlcnNpb25YJG9iamVjdHNZJGFyY2hpdmVyVCR0b3ASAAGGoKgHCBMUFRYaIVUkbnVsbNMJCgsMDxJXTlMua2V5c1pOUy5vYmplY3RzViRjbGFzc6INDoACgAOiEBGABIAFgAdccmVsYXRpdmVQYXRoWWFsaWFzRGF0YV8QYi4uLy4uLy4uL0JveCBTeW5jL1JMUE9BIFRlY2huaWNhbCBDb21taXR0ZWUvQmlibGlvZ3JhcGh5LzIwMTAgSUpDIFJhaW55IFJpdmVyIE1vZGVsaW5nIFBoYXNlIDEucGRm0hcLGBlXTlMuZGF0YU8RAjQAAAAAAjQAAgAADE1hY2ludG9zaCBIRAAAAAAAAAAAAAAAAAAAAM6Xc4NIKwAAAhv5CB8yMDEwIElKQyBSYWlueSBSaXZlIzIyM0VCNDcucGRmAAAAAAAAAAAAAAAAAAAAAAAAAAAAAAAAAAAAAAAAAAACI+tH0IJgVQAAAAAAAAAAAAMABAAACSAAAAAAAAAAAAAAAAAAAAAMQmlibGlvZ3JhcGh5ABAACAAAzperwwAAABEACAAA0IKmpQAAAAEAFAIb+QgCG6O5AA4icgAI+BsAAmSOAAIAbE1hY2ludG9zaCBIRDpVc2VyczoAamVmZjoAQm94IFN5bmM6AFJMUE9BIFRlY2huaWNhbCBDb21taXR0ZWU6AEJpYmxpb2dyYXBoeToAMjAxMCBJSkMgUmFpbnkgUml2ZSMyMjNFQjQ3LnBkZgAOAFQAKQAyADAAMQAwACAASQBKAEMAIABSAGEAaQBuAHkAIABSAGkAdgBlAHIAIABNAG8AZABlAGwAaQBuAGcAIABQAGgAYQBzAGUAIAAxAC4AcABkAGYADwAaAAwATQBhAGMAaQBuAHQAbwBzAGgAIABIAEQAEgBkVXNlcnMvamVmZi9Cb3ggU3luYy9STFBPQSBUZWNobmljYWwgQ29tbWl0dGVlL0JpYmxpb2dyYXBoeS8yMDEwIElKQyBSYWlueSBSaXZlciBNb2RlbGluZyBQaGFzZSAxLnBkZgATAAEvAAAVAAIAC///AACABtIbHB0eWiRjbGFzc25hbWVYJGNsYXNzZXNdTlNNdXRhYmxlRGF0YaMdHyBWTlNEYXRhWE5TT2JqZWN00hscIiNcTlNEaWN0aW9uYXJ5oiIgXxAPTlNLZXllZEFyY2hpdmVy0SYnVHJvb3SAAQAIABEAGgAjAC0AMgA3AEAARgBNAFUAYABnAGoAbABuAHEAcwB1AHcAhACOAPMA+AEAAzgDOgM/A0oDUwNhA2UDbAN1A3oDhwOKA5wDnwOkAAAAAAAAAgEAAAAAAAAAKAAAAAAAAAAAAAAAAAAAA6Y=}}

@mastersthesis{Gabrielsson2012,
	Author = {Fredrik Gabrielsson},
	Date-Added = {2015-01-20 19:36:06 +0000},
	Date-Modified = {2015-01-20 19:37:18 +0000},
	School = {KTH Electrical Engineering},
	Title = {Model Predictive Control of Skeboa Water System},
	Year = {2012},
	Bdsk-File-1 = {YnBsaXN0MDDUAQIDBAUGJCVYJHZlcnNpb25YJG9iamVjdHNZJGFyY2hpdmVyVCR0b3ASAAGGoKgHCBMUFRYaIVUkbnVsbNMJCgsMDxJXTlMua2V5c1pOUy5vYmplY3RzViRjbGFzc6INDoACgAOiEBGABIAFgAdccmVsYXRpdmVQYXRoWWFsaWFzRGF0YV8QSi4uLy4uLy4uL0JveCBTeW5jL1JMUE9BIFRlY2huaWNhbCBDb21taXR0ZWUvUmVmZXJlbmNlcy9HYWJyaWVsc3NvbjIwMTIucGRm0hcLGBlXTlMuZGF0YU8RAeAAAAAAAeAAAgAADE1hY2ludG9zaCBIRAAAAAAAAAAAAAAAAAAAAM6Xc4NIKwAAAiUd0BNHYWJyaWVsc3NvbjIwMTIucGRmAAAAAAAAAAAAAAAAAAAAAAAAAAAAAAAAAAAAAAAAAAAAAAAAAAAAAAAAAAADHEIn0OPfggAAAAAAAAAAAAMABAAACSAAAAAAAAAAAAAAAAAAAAAKUmVmZXJlbmNlcwAQAAgAAM6Xq8MAAAARAAgAANDkJdIAAAABABQCJR3QAhujuQAOInIACPgbAAJkjgACAF5NYWNpbnRvc2ggSEQ6VXNlcnM6AGplZmY6AEJveCBTeW5jOgBSTFBPQSBUZWNobmljYWwgQ29tbWl0dGVlOgBSZWZlcmVuY2VzOgBHYWJyaWVsc3NvbjIwMTIucGRmAA4AKAATAEcAYQBiAHIAaQBlAGwAcwBzAG8AbgAyADAAMQAyAC4AcABkAGYADwAaAAwATQBhAGMAaQBuAHQAbwBzAGgAIABIAEQAEgBMVXNlcnMvamVmZi9Cb3ggU3luYy9STFBPQSBUZWNobmljYWwgQ29tbWl0dGVlL1JlZmVyZW5jZXMvR2FicmllbHNzb24yMDEyLnBkZgATAAEvAAAVAAIAC///AACABtIbHB0eWiRjbGFzc25hbWVYJGNsYXNzZXNdTlNNdXRhYmxlRGF0YaMdHyBWTlNEYXRhWE5TT2JqZWN00hscIiNcTlNEaWN0aW9uYXJ5oiIgXxAPTlNLZXllZEFyY2hpdmVy0SYnVHJvb3SAAQAIABEAGgAjAC0AMgA3AEAARgBNAFUAYABnAGoAbABuAHEAcwB1AHcAhACOANsA4ADoAswCzgLTAt4C5wL1AvkDAAMJAw4DGwMeAzADMwM4AAAAAAAAAgEAAAAAAAAAKAAAAAAAAAAAAAAAAAAAAzo=}}


@article{Delgoda:2013aa,
	Author = {Dilini K. Delgoda and Syed K. Saleem and Malka N. Halgamuge and Hector Malano},
	Booktitle = {Water Resources Management},
	Da = {2013/02/01},
	Date-Added = {2015-01-16 21:01:56 +0000},
	Date-Modified = {2015-01-16 21:30:24 +0000},
	Doi = {10.1007/s11269-012-0214-y},
	Isbn = {0920-4741},
	J2 = {Water Resour Manage},
	Keywords = {Disturbance rejection; Multivariable control systems; Model based control; Uncertainty},
	La = {English},
	Number = {3},
	Pages = {765-790},
	Publisher = {Springer Netherlands},
	Title = {Multiple Model Predictive Flood Control in Regulated River Systems with Uncertain Inflows},
	Ty = {JOUR},
	Url = {http://dx.doi.org/10.1007/s11269-012-0214-y},
	Volume = {27},
	Year = {2013},
	Bdsk-File-1 = {YnBsaXN0MDDUAQIDBAUGJCVYJHZlcnNpb25YJG9iamVjdHNZJGFyY2hpdmVyVCR0b3ASAAGGoKgHCBMUFRYaIVUkbnVsbNMJCgsMDxJXTlMua2V5c1pOUy5vYmplY3RzViRjbGFzc6INDoACgAOiEBGABIAFgAdccmVsYXRpdmVQYXRoWWFsaWFzRGF0YV8QRi4uLy4uLy4uL0JveCBTeW5jL1JMUE9BIFRlY2huaWNhbCBDb21taXR0ZWUvUmVmZXJlbmNlcy9EZWxnb2RhMjAxMy5wZGbSFwsYGVdOUy5kYXRhTxEB0AAAAAAB0AACAAAMTWFjaW50b3NoIEhEAAAAAAAAAAAAAAAAAAAAzpdzg0grAAACJR3QD0RlbGdvZGEyMDEzLnBkZgAAAAAAAAAAAAAAAAAAAAAAAAAAAAAAAAAAAAAAAAAAAAAAAAAAAAAAAAAAAAAAAAMcQiXQhlxyAAAAAAAAAAAAAwAEAAAJIAAAAAAAAAAAAAAAAAAAAApSZWZlcmVuY2VzABAACAAAzperwwAAABEACAAA0IaiwgAAAAEAFAIlHdACG6O5AA4icgAI+BsAAmSOAAIAWk1hY2ludG9zaCBIRDpVc2VyczoAamVmZjoAQm94IFN5bmM6AFJMUE9BIFRlY2huaWNhbCBDb21taXR0ZWU6AFJlZmVyZW5jZXM6AERlbGdvZGEyMDEzLnBkZgAOACAADwBEAGUAbABnAG8AZABhADIAMAAxADMALgBwAGQAZgAPABoADABNAGEAYwBpAG4AdABvAHMAaAAgAEgARAASAEhVc2Vycy9qZWZmL0JveCBTeW5jL1JMUE9BIFRlY2huaWNhbCBDb21taXR0ZWUvUmVmZXJlbmNlcy9EZWxnb2RhMjAxMy5wZGYAEwABLwAAFQACAAv//wAAgAbSGxwdHlokY2xhc3NuYW1lWCRjbGFzc2VzXU5TTXV0YWJsZURhdGGjHR8gVk5TRGF0YVhOU09iamVjdNIbHCIjXE5TRGljdGlvbmFyeaIiIF8QD05TS2V5ZWRBcmNoaXZlctEmJ1Ryb290gAEACAARABoAIwAtADIANwBAAEYATQBVAGAAZwBqAGwAbgBxAHMAdQB3AIQAjgDXANwA5AK4AroCvwLKAtMC4QLlAuwC9QL6AwcDCgMcAx8DJAAAAAAAAAIBAAAAAAAAACgAAAAAAAAAAAAAAAAAAAMm}}
	
@article{Liu2012,
	Author = {Pan Liu and Jingfei Zhao and Liping Li and Yan Shen},
	Date-Added = {2016-12-06 01:45:39 +0000},
	Date-Modified = {2016-12-06 01:46:58 +0000},
	Journal = {Journal of Water Resource and Protection},
	Pages = {342-345},
	Title = {Optimal Reservoir Operation Using Stochastic Dynamic Programming},
	Volume = {4},
	Year = {2012}}

@techreport{Thompson2014,
	Author = {Aaron F. Thompson},
	Date-Added = {2015-01-17 17:51:59 +0000},
	Date-Modified = {2015-01-17 17:54:33 +0000},
	Institution = {International Joint Commission},
	Title = {{R}ainy and {N}amakan Hydrologic Response Model Documentation},
	Year = {2014},
	Bdsk-File-1 = {YnBsaXN0MDDUAQIDBAUGJCVYJHZlcnNpb25YJG9iamVjdHNZJGFyY2hpdmVyVCR0b3ASAAGGoKgHCBMUFRYaIVUkbnVsbNMJCgsMDxJXTlMua2V5c1pOUy5vYmplY3RzViRjbGFzc6INDoACgAOiEBGABIAFgAdccmVsYXRpdmVQYXRoWWFsaWFzRGF0YV8QgC4uLy4uLy4uL0JveCBTeW5jL1JMUE9BIFRlY2huaWNhbCBDb21taXR0ZWUvQmlibGlvZ3JhcGh5LzIwMTQgUmFpbnkgTmFtYWthbiBIeWRyb2xvZ2ljIFJlc3BvbnNlIE1vZGVsIERvY3VtZW50YXRpb24gMjAxNDA3MjMucGRm0hcLGBlXTlMuZGF0YU8RAo4AAAAAAo4AAgAADE1hY2ludG9zaCBIRAAAAAAAAAAAAAAAAAAAAM6Xc4NIKwAAAhv5CB8yMDE0IFJhaW55IE5hbWFrYW4gIzMyMEU3ODIucGRmAAAAAAAAAAAAAAAAAAAAAAAAAAAAAAAAAAAAAAAAAAADIOeC0IrEpwAAAAAAAAAAAAMABAAACSAAAAAAAAAAAAAAAAAAAAAMQmlibGlvZ3JhcGh5ABAACAAAzperwwAAABEACAAA0IsK9wAAAAEAFAIb+QgCG6O5AA4icgAI+BsAAmSOAAIAbE1hY2ludG9zaCBIRDpVc2VyczoAamVmZjoAQm94IFN5bmM6AFJMUE9BIFRlY2huaWNhbCBDb21taXR0ZWU6AEJpYmxpb2dyYXBoeToAMjAxNCBSYWlueSBOYW1ha2FuICMzMjBFNzgyLnBkZgAOAJAARwAyADAAMQA0ACAAUgBhAGkAbgB5ACAATgBhAG0AYQBrAGEAbgAgAEgAeQBkAHIAbwBsAG8AZwBpAGMAIABSAGUAcwBwAG8AbgBzAGUAIABNAG8AZABlAGwAIABEAG8AYwB1AG0AZQBuAHQAYQB0AGkAbwBuACAAMgAwADEANAAwADcAMgAzAC4AcABkAGYADwAaAAwATQBhAGMAaQBuAHQAbwBzAGgAIABIAEQAEgCCVXNlcnMvamVmZi9Cb3ggU3luYy9STFBPQSBUZWNobmljYWwgQ29tbWl0dGVlL0JpYmxpb2dyYXBoeS8yMDE0IFJhaW55IE5hbWFrYW4gSHlkcm9sb2dpYyBSZXNwb25zZSBNb2RlbCBEb2N1bWVudGF0aW9uIDIwMTQwNzIzLnBkZgATAAEvAAAVAAIAC///AACABtIbHB0eWiRjbGFzc25hbWVYJGNsYXNzZXNdTlNNdXRhYmxlRGF0YaMdHyBWTlNEYXRhWE5TT2JqZWN00hscIiNcTlNEaWN0aW9uYXJ5oiIgXxAPTlNLZXllZEFyY2hpdmVy0SYnVHJvb3SAAQAIABEAGgAjAC0AMgA3AEAARgBNAFUAYABnAGoAbABuAHEAcwB1AHcAhACOAREBFgEeA7ADsgO3A8IDywPZA90D5APtA/ID/wQCBBQEFwQcAAAAAAAAAgEAAAAAAAAAKAAAAAAAAAAAAAAAAAAABB4=}}

